<collection xmlns="http://www.loc.gov/MARC21/slim">
<record>
  <leader>02181nam0a22003731i 450 </leader>
  <controlfield tag="001">IT\ICCU\CNCE\049190</controlfield>
  <controlfield tag="005">20080220000000.0</controlfield>
  <datafield tag="012" ind1=" " ind2=" ">
    <subfield code="a">o-io ase. tes? stsi (3) 1558 (R)</subfield>
    <subfield code="2">fei</subfield>
  </datafield>
  <datafield tag="100" ind1=" " ind2=" ">
    <subfield code="a">19991007d1558        0itac0103    ba</subfield>
  </datafield>
  <datafield tag="101" ind1=" " ind2=" ">
    <subfield code="a">ITA</subfield>
    <subfield code="a">LAT</subfield>
  </datafield>
  <datafield tag="102" ind1=" " ind2=" ">
    <subfield code="a">IT</subfield>
  </datafield>
  <datafield tag="200" ind1="1" ind2=" ">
    <subfield code="a">Dominicale et santuario di Lodouico Pittorio da Ferrara, doue si contiene vna dolce, et morale espositione sopra le euangelij, &amp; etiam sopra le Epistole ... Da poi gli sono sette bellissime, et saluberrime meditationi sopra le sette parti del Pater nostro ... Nuouamente ristampato, &amp; con somma diligentia corretto</subfield>
  </datafield>
  <datafield tag="210" ind1=" " ind2=" ">
    <subfield code="a">In Venetia</subfield>
    <subfield code="c">\Aurelio Pinzi!</subfield>
    <subfield code="d">1558</subfield>
  </datafield>
  <datafield tag="215" ind1=" " ind2=" ">
    <subfield code="a">90 c.</subfield>
    <subfield code="d">fol</subfield>
  </datafield>
  <datafield tag="620" ind1=" " ind2=" ">
    <subfield code="a">IT</subfield>
    <subfield code="d">Venezia</subfield>
  </datafield>
  <datafield tag="700" ind1=" " ind2="1">
    <subfield code="a">Pittorio,</subfield>
    <subfield code="b">Lodovico</subfield>
    <subfield code="3">IT\ICCU\CNCA\001137</subfield>
  </datafield>
  <datafield tag="712" ind1="0" ind2="0">
    <subfield code="a">Pinzi, Aurelio</subfield>
    <subfield code="3">IT\ICCU\CNCT\000792</subfield>
    <subfield code="4">650</subfield>
  </datafield>
  <datafield tag="790" ind1=" " ind2="1">
    <subfield code="a">Bigi,</subfield>
    <subfield code="b">Lodovico</subfield>
    <subfield code="3">IT\ICCU\CNCA\006650</subfield>
    <subfield code="z">Pittorio, Lodovico</subfield>
  </datafield>
  <datafield tag="790" ind1=" " ind2="1">
    <subfield code="a">Bigo Pittori,</subfield>
    <subfield code="b">Lodovico</subfield>
    <subfield code="3">IT\ICCU\CNCA\012802</subfield>
    <subfield code="z">Pittorio, Lodovico</subfield>
  </datafield>
  <datafield tag="790" ind1=" " ind2="0">
    <subfield code="a">Pittorio</subfield>
    <subfield code="c"> : da#Ferrara</subfield>
    <subfield code="3">IT\ICCU\CNCA\023130</subfield>
    <subfield code="z">Pittorio, Lodovico</subfield>
  </datafield>
  <datafield tag="790" ind1=" " ind2="1">
    <subfield code="a">Bigi,</subfield>
    <subfield code="b">Luigi</subfield>
    <subfield code="3">IT\ICCU\CNCA\023131</subfield>
    <subfield code="z">Pittorio, Lodovico</subfield>
  </datafield>
  <datafield tag="790" ind1=" " ind2="1">
    <subfield code="a">Pittorio,</subfield>
    <subfield code="b">Luigi Bigi</subfield>
    <subfield code="3">IT\ICCU\CNCA\023132</subfield>
    <subfield code="z">Pittorio, Lodovico</subfield>
  </datafield>
  <datafield tag="790" ind1=" " ind2="1">
    <subfield code="a">Pictorius,</subfield>
    <subfield code="b">Ludovicus</subfield>
    <subfield code="3">IT\ICCU\CNCA\023133</subfield>
    <subfield code="z">Pittorio, Lodovico</subfield>
  </datafield>
  <datafield tag="791" ind1="0" ind2="0">
    <subfield code="a">Pintius, Aurelius</subfield>
    <subfield code="3">IT\ICCU\CNCT\002521</subfield>
    <subfield code="z">Pinzi, Aurelio</subfield>
  </datafield>
  <datafield tag="791" ind1="0" ind2="0">
    <subfield code="a">Pincius, Aurelius</subfield>
    <subfield code="3">IT\ICCU\CNCT\004045</subfield>
    <subfield code="z">Pinzi, Aurelio</subfield>
  </datafield>
  <datafield tag="791" ind1="0" ind2="0">
    <subfield code="a">Pincio, Aurelio</subfield>
    <subfield code="3">IT\ICCU\CNCT\005434</subfield>
    <subfield code="z">Pinzi, Aurelio</subfield>
  </datafield>
  <datafield tag="801" ind1=" " ind2="3">
    <subfield code="a">IT</subfield>
    <subfield code="b">ICCU</subfield>
    <subfield code="c">20201115</subfield>
  </datafield>
  <datafield tag="899" ind1=" " ind2=" ">
    <subfield code="a">Biblioteca provinciale dei frati minori cappuccini. Bologna</subfield>
    <subfield code="1">BO0342</subfield>
    <subfield code="2">PBE 94</subfield>
  </datafield>
  <datafield tag="899" ind1=" " ind2=" ">
    <subfield code="a">Biblioteca Estense Universitaria. Modena</subfield>
    <subfield code="1">MO0089</subfield>
    <subfield code="2">MOD BE</subfield>
  </datafield>
  <datafield tag="899" ind1=" " ind2=" ">
    <subfield code="a">Biblioteca dell&apos;Archivio di Stato di Perugia. Perugia</subfield>
    <subfield code="1">PG0103</subfield>
    <subfield code="2">UM1 50</subfield>
  </datafield>
  <datafield tag="899" ind1=" " ind2=" ">
    <subfield code="a">Biblioteca Oliveriana. Pesaro</subfield>
    <subfield code="1">PU0061</subfield>
    <subfield code="2">URB OL</subfield>
  </datafield>
  <datafield tag="899" ind1=" " ind2=" ">
    <subfield code="a">Fondazione Biblioteca S. Bernardino. Trento</subfield>
    <subfield code="1">TN0122</subfield>
    <subfield code="2">ZTN 18</subfield>
  </datafield>
  <datafield tag="911" ind1=" " ind2=" ">
    <subfield code="a">sul front.</subfield>
    <subfield code="9">IT\ICCU\CNCM\000330</subfield>
  </datafield>
  <datafield tag="921" ind1=" " ind2=" ">
    <subfield code="a">IT\ICCU\CNCM\000330</subfield>
    <subfield code="b">Tra le onde donna, guerriero, leone e basilica S. Marco. In alto una donna guida un cocchio, trainato da due leoni.</subfield>
    <subfield code="e">Urbe nihil Veneta dignius orbi habet.</subfield>
    <subfield code="c">Z1188</subfield>
    <subfield code="f">DONNA</subfield>
    <subfield code="f">GUERRIERO</subfield>
    <subfield code="f">LEONE</subfield>
    <subfield code="f">URBENIHILV</subfield>
    <subfield code="g">1549-1563</subfield>
  </datafield>
</record>
</collection>
